@misc{abreu2023,
  author       = {Schnaiderman, Martín and Mignaco, Jimena},
  title        = {El número Abreu},
  howpublished = {Trabajo Final, Curso de Bases de Datos no Relacionales, Facultad de Ingeniería, Universidad de la República},
  year         = {2023}
}
@misc{scrapy,
  title        = {Scrapy: a fast high-level web crawling and web scraping framework for Python},
  author       = {{Zyte (formerly Scrapinghub)} and Scrapy community},
  year         = {2008--2025},
  howpublished = {\url{https://scrapy.org/}},
  note         = {Accessed: 23 June 2025}
}
@article{Priem2022OpenAlex,
  title     = {OpenAlex: A fully-open index of scholarly works, authors, venues, institutions, and concepts},
  author    = {Priem, Jason and Piwowar, Heather and Orr, Richard},
  year      = {2022},
  journal   = {arXiv},
  eprint    = {2205.01833},
  archivePrefix = {arXiv},
  primaryClass = {cs.DL},
  url       = {https://arxiv.org/abs/2205.01833}
}